@inproceedings{rodrigo2021modelling,
  title={Modelling short-range quantum teleportation for scalable multi-core quantum computing architectures},
  author={Rodrigo, Santiago and Abadal, Sergi and Almud{\'e}ver, Carmen G and Alarc{\'o}n, Eduard},
  booktitle={Proceedings of the Eight Annual ACM International Conference on Nanoscale Computing and Communication},
  pages={1--7},
  year={2021}
}
  

@article{Caleffi2020,
  title={The rise of the quantum internet},
  author={Caleffi, Marcello and Chandra, Daryus and Cuomo, Daniele and Hassanpour, Shima and Cacciapuoti, Angela Sara},
  journal={Computer},
  volume={53},
  number={6},
  pages={67--72},
  year={2020},
  publisher={IEEE}
}


@book{dirac1981principles,
  title={The principles of quantum mechanics},
  author={Dirac, Paul Adrien Maurice},
  number={27},
  year={1981},
  publisher={Oxford university press}
}

@book{Michael2010,
  title={Quantum Computation and Quantum Information},
  author={Michael A. Nielsen \& Isaac L. Chuang},
  number={704},
  year={2010},
  publisher={Cambridge University Press}
}

@article{Wojciech2019,
  title={Architectural Principles for a Quantum Internet},
  author={Wojciech Kozlowski},
  journal={Internet Engineering Task Force},
  year={2019},
  publisher={Internet Engineering Task Force}
}

@article{rfc9340,
    publisher = {RFC Editor},
    author =    {Wojciech Kozlowski and Stephanie Wehner and Rodney Van Meter and Bruno Rijsman and Angela Sara Cacciapuoti and Marcello Caleffi and Shota Nagayama},
    title =     {Architectural Principles for a Quantum Internet},
    pagetotal = 37,
    year =      2023,
    month =     mar,
}

@article{PalmerT.N.2020,
    publisher = {Royal Society},
    author =    {T. N. Palmer},
    title =     {Discretization of the Bloch sphere, fractal invariant sets and Bellâ€™s theorem},
    year =      2020,
}

@inproceedings{glendinning2005bloch,
  title={The bloch sphere},
  author={Glendinning, Ian},
  booktitle={QIA Meeting},
  year={2005}
}


@book{J.A.Bergou2013,
  title={Introduction to the Theory of Quantum Information Processing},
  author={J.A. Bergou, M. Hillery},
  year={2013},
  publisher={Springer}
}

@article{9374032,
  author={Amer, Omar and Garg, Vaibhav and Krawec, Walter O.},
  journal={IEEE Aerospace and Electronic Systems Magazine}, 
  title={An Introduction to Practical Quantum Key Distribution}, 
  year={2021},
  volume={36},
  number={3},
  pages={30-55},
}

@article{bennett1993teleporting,
  title={Teleporting an unknown quantum state via dual classical and Einstein-Podolsky-Rosen channels},
  author={Bennett, Charles H and Brassard, Gilles and Cr{\'e}peau, Claude and Jozsa, Richard and Peres, Asher and Wootters, William K},
  journal={Physical review letters},
  volume={70},
  number={13},
  pages={1895},
  year={1993},
  publisher={APS}
}

@article{imre2013quantum,
  title={Quantum communications: Explained for communication engineers},
  author={Imre, Sandor},
  journal={IEEE Communications Magazine},
  volume={51},
  number={8},
  pages={28--35},
  year={2013},
  publisher={IEEE}
}

@article{cacciapuoti2019quantum,
  title={Quantum internet: networking challenges in distributed quantum computing},
  author={Cacciapuoti, Angela Sara and Caleffi, Marcello and Tafuri, Francesco and Cataliotti, Francesco Saverio and Gherardini, Stefano and Bianchi, Giuseppe},
  journal={IEEE Network},
  volume={34},
  number={1},
  pages={137--143},
  year={2019},
  publisher={IEEE}
}

@ARTICLE{9107295,
  author={Caleffi, Marcello and Chandra, Daryus and Cuomo, Daniele and Hassanpour, Shima and Cacciapuoti, Angela Sara},
  journal={Computer}, 
  title={The Rise of the Quantum Internet}, 
  year={2020},
  volume={53},
  number={6},
  pages={67-72},
}


@article{kumar2021state,
  title={State-of-the-art survey of quantum cryptography},
  author={Kumar, Ajay and Garhwal, Sunita},
  journal={Archives of Computational Methods in Engineering},
  volume={28},
  pages={3831--3868},
  year={2021},
  publisher={Springer}
}


@ARTICLE{9023997,
  author={Cacciapuoti, Angela Sara and Caleffi, Marcello and Van Meter, Rodney and Hanzo, Lajos},
  journal={IEEE Transactions on Communications}, 
  title={When Entanglement Meets Classical Communications: Quantum Teleportation for the Quantum Internet}, 
  year={2020},
  volume={68},
  number={6},
  pages={3808-3833},
  doi={10.1109/TCOMM.2020.2978071}}

  
@ARTICLE{sharma2021,
  author={Sharma, Purva and Agrawal, Anuj and Bhatia, Vimal and Prakash, Shashi and Mishra, Amit Kumar},
  journal={IEEE Open Journal of the Communications Society}, 
  title={Quantum Key Distribution Secured Optical Networks: A Survey}, 
  year={2021},
  volume={2},
  number={},
  pages={2049-2083},
  doi={10.1109/OJCOMS.2021.3106659}}



@article{AdarshKumar2022,
    publisher={Vehicular Communications},
    author={Adarsh Kumar, Diego Augusto de Jesus Pacheco, Keshav Kaushik, Joel J.P.C. Rodrigues},
    title={Futuristic view of the Internet of Quantum Drones: Review, challenges and research agenda},
    year = {2022}
}

@inproceedings{edwards2023evaluation,
  title={Evaluation of Quantum Key Distribution for Secure Satellite-integrated IoT Networks},
  author={Edwards, Andrew and Law, Yee Wei and Mulinde, Ronald and Slay, Jill},
  booktitle={International Conference on Cyber Warfare and Security},
  volume={18},
  number={1},
  pages={67--76},
  year={2023},
  organization={Academic Conferences International Limited}
}

@article{alleaume2014using,
  title={Using quantum key distribution for cryptographic purposes: a survey},
  author={All{\'e}aume, Romain and Branciard, Cyril and Bouda, Jan and Debuisschert, Thierry and Dianati, Mehrdad and Gisin, Nicolas and Godfrey, Mark and Grangier, Philippe and L{\"a}nger, Thomas and L{\"u}tkenhaus, Norbert and others},
  journal={Theoretical Computer Science},
  volume={560},
  pages={62--81},
  year={2014},
  publisher={Elsevier}
}

@article{di2010quantum,
  title={Quantum computing},
  author={Di Pierro, Alessandra},
  journal={Teaching Report},
  year={2010}
}

@book{moretti2010teoria,
  title={Teoria spettrale e meccanica quantistica: operatori in spazi di Hilbert},
  author={Moretti, Valter},
  year={2010},
  publisher={Springer Science \& Business Media}
}

@article{ojha2000limitations,
  title={Limitations on practical quantum cryptography},
  author={Ojha, Vibha and Sharma, Anand and Goar, Vishal and Trivedi, Prakriti},
  journal={Physical review letters},
  year={2000},
  publisher={International Journal of Computer Trends and Technology}
}

@INPROCEEDINGS{9587708,
  author={Aji, Aravind and Jain, Kurunandan and Krishnan, Prabhakar},
  booktitle={2021 2nd Global Conference for Advancement in Technology (GCAT)}, 
  title={A Survey of Quantum Key Distribution (QKD) Network Simulation Platforms}, 
  year={2021}
}

@inproceedings{hong2016challenges,
author = {Hong, Kah Wing and Foong, Oi-Mean and Low, Tang Jung},
title = {Challenges in Quantum Key Distribution},
booktitle = {Proceedings of the 4th International Conference on Information and Network Security - ICINS '16},
year = {2016},
pages = {29--33},
doi = {10.1145/3026724.3026738}
}


@misc{ghernaoutihelie2009secoqc,
      title={SECOQC Business White Paper}, 
      author={Solange Ghernaouti-Helie and Igli Tashi and Thomas Laenger and Christian Monyk},
      year={2009},
      eprint={0904.4073},
      archivePrefix={arXiv},
      primaryClass={quant-ph}
}

@article{cao2022evolution,
  title={The evolution of quantum key distribution networks: On the road to the qinternet},
  author={Cao, Yuan and Zhao, Yongli and Wang, Qin and Zhang, Jie and Ng, Soon Xin and Hanzo, Lajos},
  journal={IEEE Communications Surveys \& Tutorials},
  volume={24},
  number={2},
  pages={839--894},
  year={2022},
  publisher={IEEE}
}

@article{peev2009secoqc,
  title={The SECOQC quantum key distribution network in Vienna},
  author={Peev, Momtchil and Pacher, Christoph and All{\'e}aume, Romain and Barreiro, Claudio and Bouda, Jan and Boxleitner, W and Debuisschert, Thierry and Diamanti, Eleni and Dianati, Mehrdad and Dynes, JF and others},
  journal={New Journal of Physics},
  volume={11},
  number={7},
  pages={075001},
  year={2009},
  publisher={IOP Publishing}
}

@inproceedings{elliott2005current,
  title={Current status of the DARPA quantum network},
  author={Elliott, Chip and Colvin, Alexander and Pearson, David and Pikalo, Oleksiy and Schlafer, John and Yeh, Henry},
  booktitle={Quantum Information and computation III},
  volume={5815},
  pages={138--149},
  year={2005},
  organization={SPIE}
}

@article{sasaki2011field,
  title={Field test of quantum key distribution in the Tokyo QKD Network},
  author={Sasaki, Masahide and Fujiwara, Mikio and Ishizuka, H and Klaus, W and Wakui, K and Takeoka, M and Miki, S and Yamashita, T and Wang, Z and Tanaka, A and others},
  journal={Optics express},
  volume={19},
  number={11},
  pages={10387--10409},
  year={2011},
  publisher={Optica Publishing Group}
}

@article{stucki2011long,
  title={Long-term performance of the SwissQuantum quantum key distribution network in a field environment},
  author={Stucki, Damien and Legre, Matthieu and Buntschu, Francois and Clausen, B and Felber, Nadine and Gisin, Nicolas and Henzen, Luca and Junod, Pascal and Litzistorf, G{\'e}rald and Monbaron, Patrick and others},
  journal={New Journal of Physics},
  volume={13},
  number={12},
  pages={123001},
  year={2011},
  publisher={IOP Publishing}
}

@article{dynes2019cambridge,
  title={Cambridge quantum network},
  author={Dynes, JF and Wonfor, Adrian and Tam, WW-S and Sharpe, AW and Takahashi, R and Lucamarini, M and Plews, A and Yuan, ZL and Dixon, AR and Cho, J and others},
  journal={npj Quantum Information},
  volume={5},
  number={1},
  pages={101},
  year={2019},
  publisher={Nature Publishing Group UK London}
}


@article{wang2019realistic,
  title={Realistic rate--distance limit of continuous-variable quantum key distribution},
  author={Wang, Xuyang and Guo, Siyou and Wang, Pu and Liu, Wenyuan and Li, Yongmin},
  journal={Optics express},
  volume={27},
  number={9},
  pages={13372--13386},
  year={2019},
  publisher={Optica Publishing Group}
}


@article{scarani2008quantum,
  title={Quantum cryptography with finite resources: Unconditional security bound for discrete-variable protocols with one-way postprocessing},
  author={Scarani, Valerio and Renner, Renato},
  journal={Physical review letters},
  volume={100},
  number={20},
  pages={200501},
  year={2008},
  publisher={APS}
}

@article{renner2005information,
  title={Information-theoretic security proof for quantum-key-distribution protocols},
  author={Renner, Renato and Gisin, Nicolas and Kraus, Barbara},
  journal={Physical Review A},
  volume={72},
  number={1},
  pages={012332},
  year={2005},
  publisher={APS}
}


@article{bennett2020quantum,
  title={Quantum cryptography: Public key distribution and coin tossing},
  author={Bennett, Charles H and Brassard, Gilles},
  journal={arXiv preprint arXiv:2003.06557},
  year={2020}
}


@article{acin2004coherent,
  title={Coherent-pulse implementations of quantum cryptography protocols resistant to photon-number-splitting attacks},
  author={Acin, Antonio and Gisin, Nicolas and Scarani, Valerio},
  journal={Physical Review A},
  volume={69},
  number={1},
  pages={012309},
  year={2004},
  publisher={APS}
}


@article{liao2018satellite,
  title={Satellite-relayed intercontinental quantum network},
  author={Liao, Sheng-Kai and Cai, Wen-Qi and Handsteiner, Johannes and Liu, Bo and Yin, Juan and Zhang, Liang and Rauch, Dominik and Fink, Matthias and Ren, Ji-Gang and Liu, Wei-Yue and others},
  journal={Physical review letters},
  volume={120},
  number={3},
  pages={030501},
  year={2018},
  publisher={APS}
}

@article{salvail2010security,
  title={Security of trusted repeater quantum key distribution networks},
  author={Salvail, Louis and Peev, Momtchil and Diamanti, Eleni and All{\'e}aume, Romain and L{\"u}tkenhaus, Norbert and L{\"a}nger, Thomas},
  journal={Journal of Computer Security},
  volume={18},
  number={1},
  pages={61--87},
  year={2010},
  publisher={IOS Press}
}

@article{briegel1998quantum,
  title={Quantum repeaters: the role of imperfect local operations in quantum communication},
  author={Briegel, H-J and D{\"u}r, Wolfgang and Cirac, Juan I and Zoller, Peter},
  journal={Physical Review Letters},
  volume={81},
  number={26},
  pages={5932},
  year={1998},
  publisher={APS}
}

@article{lvovsky2009optical,
  title={Optical quantum memory},
  author={Lvovsky, Alexander I and Sanders, Barry C and Tittel, Wolfgang},
  journal={Nature photonics},
  volume={3},
  number={12},
  pages={706--714},
  year={2009},
  publisher={Nature Publishing Group UK London}
}


@article{lim2014concise,
  title={Concise security bounds for practical decoy-state quantum key distribution},
  author={Lim, Charles Ci Wen and Curty, Marcos and Walenta, Nino and Xu, Feihu and Zbinden, Hugo},
  journal={Physical Review A},
  volume={89},
  number={2},
  pages={022307},
  year={2014},
  publisher={APS}
}

@article{dusek2006progress,
  title={Quantum cryptography},
  author={Du{\v{s}}ek, Miloslav},
  journal={Progress in Optics},
  volume={49},
  pages={381--454},
  year={2006},
  doi={10.1016/S0079-6638(06)49005-3}
}


@article{elliott2002building,
  title={Building the quantum network},
  author={Elliott, Chip},
  journal={New Journal of Physics},
  volume={4},
  number={1},
  pages={46},
  year={2002},
  publisher={IOP Publishing}
}


@inproceedings{chen2020novel,
  title={A novel tree-topology based routing algorithm for partially-trusted QKD networks},
  author={Chen, Xi and Hou, Gonghua and Lin, Xinyi and Huang, Jianxiong and Yang, Qing and Chen, Kangjie and Chen, Ruyin},
  booktitle={2020 IEEE International Conference on Advances in Electrical Engineering and Computer Applications (AEECA)},
  pages={252--255},
  year={2020},
  organization={IEEE}
}


@article{lo2014secure,
  title={Secure quantum key distribution},
  author={Lo, Hoi-Kwong and Curty, Marcos and Tamaki, Kiyoshi},
  journal={Nature Photonics},
  volume={8},
  number={8},
  pages={595--604},
  year={2014},
  doi={10.1038/nphoton.2014.149}
}


@article{pironio2010random,
  title={Random numbers certified by Bellâ€™s theorem},
  author={Pironio, Stefano and Ac{\'\i}n, Antonio and Massar, Serge and de La Giroday, A Boyer and Matsukevich, Dzmitry N and Maunz, Peter and Olmschenk, Steven and Hayes, David and Luo, Le and Manning, T Andrew and others},
  journal={Nature},
  volume={464},
  number={7291},
  pages={1021--1024},
  year={2010},
  publisher={Nature Publishing Group UK London}
}


@article{mehic2020quantum,
  title={Quantum key distribution: a networking perspective},
  author={Mehic, Miralem and Niemiec, Marcin and Rass, Stefan and Ma, Jiajun and Peev, Momtchil and Aguado, Alejandro and Martin, Vicente and Schauer, Stefan and Poppe, Andreas and Pacher, Christoph and others},
  journal={ACM Computing Surveys (CSUR)},
  volume={53},
  number={5},
  pages={1--41},
  year={2020},
  publisher={ACM New York, NY, USA}
}


@article{qiu2014quantum,
  title={Quantum communications leap out of the lab.},
  author={Qiu, Jane and others},
  journal={Nat.},
  volume={508},
  number={7497},
  pages={441--442},
  year={2014}
}


@inproceedings{kong2018robust,
  title={Robust wireless sensor networks for transmission line monitoring in Taiwan},
  author={Kong, Peng-Yong and Tseng, Kai-Sheng and Jiang, Joe-Air and Liu, Chih-Wen},
  booktitle={2018 IEEE International Conference on Communications, Control, and Computing Technologies for Smart Grids (SmartGridComm)},
  pages={1--6},
  year={2018},
  organization={IEEE}
}


@article{kong2021adaptive,
  title={An adaptive packets hopping mechanism for transmission line monitoring systems with a long chain topology},
  author={Kong, Peng-Yong and Wang, Jen-Cheng and Tseng, Kai-Sheng and Yang, Yu-Cheng and Wang, Yung-Chung and Jiang, Joe-Air},
  journal={International Journal of Electrical Power \& Energy Systems},
  volume={124},
  pages={106394},
  year={2021},
  publisher={Elsevier}
}


@article{kong2020review,
  title={A review of quantum key distribution protocols in the perspective of smart grid communication security},
  author={Kong, Peng-Yong},
  journal={IEEE Systems Journal},
  volume={16},
  number={1},
  pages={41--54},
  year={2020},
  publisher={IEEE}
}


@inproceedings{amer2020efficient,
  title={Efficient routing for quantum key distribution networks},
  author={Amer, Omar and Krawec, Walter O and Wang, Bing},
  booktitle={2020 IEEE International Conference on Quantum Computing and Engineering (QCE)},
  pages={137--147},
  year={2020},
  organization={IEEE}
}


@inproceedings{al2013practical,
  title={Practical considerations on quantum key distribution (QKD)},
  author={Al-Khateeb, Wajdi and Al-Khateeb, Khalid and Ahmad, Nur Elyana and Salleh, Siti Norussaadah Mohd},
  booktitle={2013 International Conference on Advanced Computer Science Applications and Technologies},
  pages={278--283},
  year={2013},
  organization={IEEE}
}


@article{coopmans2021netsquid,
  title={Netsquid, a network simulator for quantum information using discrete events},
  author={Coopmans, Tim and Knegjens, Robert and Dahlberg, Axel and Maier, David and Nijsten, Loek and de Oliveira Filho, Julio and Papendrecht, Martijn and Rabbie, Julian and Rozp{\k{e}}dek, Filip and Skrzypczyk, Matthew and others},
  journal={Communications Physics},
  volume={4},
  number={1},
  pages={164},
  year={2021},
  publisher={Nature Publishing Group UK London}
}


@inproceedings{aji2021survey,
  title={A Survey of Quantum Key Distribution (QKD) network simulation platforms},
  author={Aji, Aravind and Jain, Kurunandan and Krishnan, Prabhakar},
  booktitle={2021 2nd Global Conference for Advancement in Technology (GCAT)},
  pages={1--8},
  year={2021},
  organization={IEEE}
}


@article{liao2017satellite,
  title={Satellite-to-ground quantum key distribution},
  author={Liao, Sheng-Kai and Cai, Wen-Qi and Liu, Wei-Yue and Zhang, Liang and Li, Yang and Ren, Ji-Gang and Yin, Juan and Shen, Qi and Cao, Yuan and Li, Zheng-Ping and others},
  journal={Nature},
  volume={549},
  number={7670},
  pages={43--47},
  year={2017},
  publisher={Nature Publishing Group UK London}
}


@article{bennett1991lect,
  title={Lecture Notes In Computer Science},
  author={Bennett, C. H. and et al.},
  volume={473},
  pages={253},
  year={1991}
}



@article{ursin2007entanglement,
  title={Entanglement-based quantum communication over 144 km},
  author={Ursin, Rupert and Tiefenbacher, Felix and Schmitt-Manderbach, T and Weier, Henning and Scheidl, Thomas and Lindenthal, M and Blauensteiner, Bibiane and Jennewein, Thomas and Perdigues, J and Trojek, Pavel and others},
  journal={Nature physics},
  volume={3},
  number={7},
  pages={481--486},
  year={2007},
  publisher={Nature Publishing Group UK London}
}


@article{buttler1998practical,
  title={Practical free-space quantum key distribution over 1 km},
  author={Buttler, WT and Hughes, RJ and Kwiat, Paul G and Lamoreaux, SK and Luther, GG and Morgan, GL and Nordholt, JE and Peterson, CG and Simmons, CM},
  journal={Physical Review Letters},
  volume={81},
  number={15},
  pages={3283},
  year={1998},
  publisher={APS}
}


@article{chen2021integrated,
  title={An integrated space-to-ground quantum communication network over 4,600 kilometres},
  author={Chen, Yu-Ao and Zhang, Qiang and Chen, Teng-Yun and Cai, Wen-Qi and Liao, Sheng-Kai and Zhang, Jun and Chen, Kai and Yin, Juan and Ren, Ji-Gang and Chen, Zhu and others},
  journal={Nature},
  volume={589},
  number={7841},
  pages={214--219},
  year={2021},
  publisher={Nature Publishing Group UK London}
}


@article{rarity2002ground,
  title={Ground to satellite secure key exchange using quantum cryptography},
  author={Rarity, John G and Tapster, PR and Gorman, PM and Knight, Peter},
  journal={New Journal of Physics},
  volume={4},
  number={1},
  pages={82},
  year={2002},
  publisher={IOP Publishing}
}


@article{bedington2017progress,
  title={Progress in satellite quantum key distribution},
  author={Bedington, Robert and Arrazola, Juan Miguel and Ling, Alexander},
  journal={npj Quantum Information},
  volume={3},
  number={1},
  pages={30},
  year={2017},
  publisher={Nature Publishing Group UK London}
}


@article{rideout2012fundamental,
  title={Fundamental quantum optics experiments conceivable with satellitesâ€”reaching relativistic distances and velocities},
  author={Rideout, David and Jennewein, Thomas and Amelino-Camelia, Giovanni and Demarie, Tommaso F and Higgins, Brendon L and Kempf, Achim and Kent, Adrian and Laflamme, Raymond and Ma, Xian and Mann, Robert B and others},
  journal={Classical and Quantum Gravity},
  volume={29},
  number={22},
  pages={224011},
  year={2012},
  publisher={IOP Publishing}
}


@inproceedings{nordholt2002present,
  title={Present and future free-space quantum key distribution},
  author={Nordholt, Jane E and Hughes, Richard J and Morgan, George L and Peterson, C Glen and Wipf, Christopher C},
  booktitle={Free-Space Laser Communication Technologies XIV},
  volume={4635},
  pages={116--126},
  year={2002},
  organization={SPIE}
}


@article{aspelmeyer2003long,
  title={Long-distance quantum communication with entangled photons using satellites},
  author={Aspelmeyer, Markus and Jennewein, Thomas and Pfennigbauer, Martin and Leeb, Walter R and Zeilinger, Anton},
  journal={IEEE Journal of Selected Topics in Quantum Electronics},
  volume={9},
  number={6},
  pages={1541--1551},
  year={2003},
  publisher={IEEE}
}


@inproceedings{rarity2004quantum,
  title={Quantum communications in space},
  author={Rarity, John G and Gorman, Phil M and Knight, PR and Weinfurter, Harald and Kurtsiefer, Christian},
  booktitle={Quantum Communications and Quantum Imaging},
  volume={5161},
  pages={240--251},
  year={2004},
  organization={SPIE}
}


@inproceedings{najafi2018statistical,
  title={Statistical modeling of FSO fronthaul channel for drone-based networks},
  author={Najafi, Marzieh and Ajam, Hedieh and Jamali, Vahid and Diamantoulakis, Panagiotis D and Karagiannidis, George K and Schober, Robert},
  booktitle={2018 IEEE International Conference on Communications (ICC)},
  pages={1--7},
  year={2018},
  organization={IEEE}
}


@article{mishra2021drone,
  title={Drone networking in the 6G era: A technology overview},
  author={Mishra, Debashisha and Vegni, Anna Maria and Loscr{\'\i}, Valeria and Natalizio, Enrico},
  journal={IEEE Communications Standards Magazine},
  volume={5},
  number={4},
  pages={88--95},
  year={2021},
  publisher={IEEE}
}


@article{pirandola2015advances,
  title={Advances in quantum teleportation},
  author={Pirandola, Stefano and Eisert, Jens and Weedbrook, Christian and Furusawa, Akira and Braunstein, Samuel L},
  journal={Nature photonics},
  volume={9},
  number={10},
  pages={641--652},
  year={2015},
  publisher={Nature Publishing Group UK London}
}


@article{chu2018maximally,
  title={Maximally entangled state and Bellâ€™s inequality in qubits},
  author={Chu, Su-Kuan and Ma, Chen-Te and Miao, Rong-Xin and Wu, Chih-Hung},
  journal={Annals of Physics},
  volume={395},
  pages={183--195},
  year={2018},
  publisher={Elsevier}
}


@article{williams2019quantum,
  title={Quantum secret sharing with polarization-entangled photon pairs},
  author={Williams, Brian P and Lukens, Joseph M and Peters, Nicholas A and Qi, Bing and Grice, Warren P},
  journal={Physical Review A},
  volume={99},
  number={6},
  pages={062311},
  year={2019},
  publisher={APS}
}


@article{liu2021optical,
  title={Optical-relayed entanglement distribution using drones as mobile nodes},
  author={Liu, Hua-Ying and Tian, Xiao-Hui and Gu, Changsheng and Fan, Pengfei and Ni, Xin and Yang, Ran and Zhang, Ji-Ning and Hu, Mingzhe and Guo, Jian and Cao, Xun and others},
  journal={Physical Review Letters},
  volume={126},
  number={2},
  pages={020503},
  year={2021},
  publisher={APS}
}


@article{fedrizzi2009high,
  title={High-fidelity transmission of entanglement over a high-loss free-space channel},
  author={Fedrizzi, Alessandro and Ursin, Rupert and Herbst, Thomas and Nespoli, Matteo and Prevedel, Robert and Scheidl, Thomas and Tiefenbacher, Felix and Jennewein, Thomas and Zeilinger, Anton},
  journal={Nature Physics},
  volume={5},
  number={6},
  pages={389--392},
  year={2009},
  publisher={Nature Publishing Group UK London}
}


@article{alshaer2021reliability,
  title={Reliability and security analysis of an entanglement-based QKD protocol in a dynamic ground-to-UAV FSO communications system},
  author={Alshaer, Nancy and Moawad, Ahmed and Ismail, Tawfik},
  journal={IEEE Access},
  volume={9},
  pages={168052--168067},
  year={2021},
  publisher={IEEE}
}


@article{liorni2021quantum,
  title={Quantum repeaters in space},
  author={Liorni, Carlo and Kampermann, Hermann and Bru{\ss}, Dagmar},
  journal={New Journal of Physics},
  volume={23},
  number={5},
  pages={053021},
  year={2021},
  publisher={IOP Publishing}
}


@article{hill2017drone,
  title={Drone-based quantum key distribution},
  author={Hill, Alexander D and Chapman, Joseph and Herndon, Kyle and Chopp, Christopher and Gauthier, Daniel J and Kwiat, Paul},
  journal={Urbana},
  volume={51},
  pages={61801--63003},
  year={2017}
}


@article{adnan2022quantum,
  title={Quantum key distribution for 5G networks: A review, State of Art and Future Directions},
  author={Adnan, Mohd Hirzi and Ahmad Zukarnain, Zuriati and Harun, Nur Ziadah},
  journal={Future Internet},
  volume={14},
  number={3},
  pages={73},
  year={2022},
  publisher={MDPI}
}


@inproceedings{nurhadi2018quantum,
  title={Quantum key distribution (QKD) protocols: A survey},
  author={Nurhadi, Ali Ibnun and Syambas, Nana Rachmana},
  booktitle={2018 4th International Conference on Wireless and Telematics (ICWT)},
  pages={1--5},
  year={2018},
  organization={IEEE}
}


@inproceedings{satoh2022quisp,
  title={Quisp: a quantum internet simulation package},
  author={Satoh, Ryosuke and Hajdu{\v{s}}ek, Michal and Benchasattabuse, Naphan and Nagayama, Shota and Teramoto, Kentaro and Matsuo, Takaaki and Metwalli, Sara Ayman and Pathumsoot, Poramet and Satoh, Takahiko and Suzuki, Shigeya and others},
  booktitle={2022 IEEE International Conference on Quantum Computing and Engineering (QCE)},
  pages={353--364},
  year={2022},
  organization={IEEE}
}


@inproceedings{varga2010overview,
  title={An overview of the OMNeT++ simulation environment},
  author={Varga, Andr{\'a}s and Hornig, Rudolf},
  booktitle={1st International ICST Conference on Simulation Tools and Techniques for Communications, Networks and Systems},
  year={2010}
}


@article{senekane2015six,
  title={Six-state symmetric quantum key distribution protocol},
  author={Senekane, Makhamisa and Mafu, Mhlambululi and Petruccione, Francesco and others},
  journal={Journal of Quantum Information Science},
  volume={5},
  number={02},
  pages={33},
  year={2015},
  publisher={Scientific Research Publishing}
}